111111111111111111111111111111111111111111111111111111
111111111111111111111111111111111111111111111111111111
111119999999991111111111111111111111111111111111111111
111193333333339111111111111111111111111111111111111111
111933333333333911111111111119991111111111111111111111
119333333333333399911111111193339911111111111111111111
993333333333333333311111111133333391111111111111111111
333333333333333333391111111933333339111111111111111111
333333333333333333331111119333333333999111111111111111
333333333333333333339999993333333333333999111111111111
333333333333333333333333333333333333333333111111111111
333333333333333333333333333333333333333333111111111111
333333333333333333333333333333333333333333111111111111
333333333333333333333333333333333333333333911111111111
233333333333333333333333333333333333333333311111111111
133333333333333333333333333333333333333333391111111111
122223333333333333333333333333233333333333339111111111
111112333322233333333333333332123333333333333111111111
111111233211123333333333333321112333333333333991111199
111111122111112233333333333391111233333333333339111933
111111111111111122333333333339119933333333333333999333
111111111111111111333333333333993333333333333333333333
111111111111111111333333333333333333333333333333333333
111111111111119999333333333333333333333333332233333333
111111111119993333333333333333333333333333321122222222
111111119993333333333333333333333333333333311111111111
111111113333333333333333333333333333333333311111111111
111111193333333333333333333333333333333333311111111111
111111133333333333333333333333333333333333211111111111
111111133333333333333333333333333333333333111111111111
111111133333333333333333333333333333333332111111111111
111111123333333333333333333333333333333331111111111111
111111113333322222233333333333333333333331111111111111
111111112322211111122233333333333333333339111111111111
111111111211111111111123333333333333333333911111111111
111111111111111111111112223333333333333333391111111111
111111111111111111111111112333333333333333331111111111
111111111111111111111111111233333333333333331111111111
111111111111111111111111111123333333333333331111111111
111111111111111111111111111112233333333333331111111111
111111111111111111111111111111133333333333331111111111
111111111111111199999999111111133333333333331111111111
111111111111119933333333991111133333333333339111111111
111111111111193333333333339111133333333333333911111111
111111111111133333333333333111122333333333333311111111
111111111111133333333333333911111333333333333391111111
111111111111133333333333333311111333333333333331111111
111111111111133333333333333311111233333333333331111111
111111111111933333333333333311111133333333333331111111
111111111119333333333333333311111123333333333331111111
111111111193333333333333333211111113333333333331111111
111111111133333333333332222111111113333333333331111111
111111111133333333332221111111111113333333333339111111
111111111133333333321111111111111113333333333333111111
111111111123333322211111111111111193333333333333111111
111111111112222211111111111111111133333333333333911111
111111111111111111111111111111111133333333333333391111
111111111111111111111111111111111133333333333333331111
111111111111111111111111111111111133333333333333339111
111111111111111111111111111111111133333333333333333111
111111111111111111111111111111111133333333333333333111
111111111111111111111111111111111133333333333333333111
111111111111111111111111111111111123333333333333332111
111111111111111111111111111111111112333333333333331111
111111111111111111111111111111111111333333333333321111
111111111111111111111111111111111111233333333333311111
111111111111111111111111111111111111133333333333311111
111111111111111111111111111111111111133333333333211111